@article{halliday2001,
   author = {Halliday, R. G. and Fanning, L.P and Mohn, N.K},
   title = {Use of the Traffic Light Method in Fishery Management Planning},
   journal = {Canadian Science Advisory Secretaria},
   volume = {2001/108},
   year = {2001}
}
@article{hauge2007,
   author = {Hauge, Kjellrun Hiis and Nielsen, Kare Nolde and Korsbrekke, Knut},
   title = {Limits to transparency exploring conceptual and operational aspects of the ICES framework for providing precautionary fisheries management advice
10.1093/icesjms/fsm058},
   journal = {ICES J. Mar. Sci.},
   volume = {64},
   number = {4},
   pages = {738-743},
   year = {2007}
}
@article{Hilborn2010,
title = {Pretty Good Yield and exploited fishes},
journal = {Marine Policy},
volume = {34},
number = {1},
pages = {193 - 196},
year = {2010},
doi = "10.1016/j.marpol.2009.04.013",
url = "http://www.sciencedirect.com/science/article/pii/S0308597X09000682",
author = {Hilborn, Ray}
}

@article{Rindorf2016,
   author = {Rindorf, Anna and Cardinale, Massimiliano  and Shephard, Samuel and De Oliveira, José A. A. and Hjorleifsson, Einar and Kempf, Alexander and Luzenczyk, Anna and Millar, Colin and Miller, David C. M. and Needle, Coby L. and Simmonds, John and Vinther, Morten},
   title = {Fishing for MSY: using “pretty good yield” ranges without impairing recruitment},
   journal = {ICES J. Mar. Sci. },
   doi = {10.1093/icesjms/fsw111},
   year = {2016}
}

@article{rosenberg1994,
   author = {Rosenberg, Andrew A. and Restrepo, Victor R.},
   title = {Uncertainty and Risk evaluation in Stock Assessment Advice for U.S. Marine Fisheries},
   journal = {Can. J. Fish. Aquat. Sci.},
   volume = {51},
   pages = {2715},
   keywords = {uncertainty; risk assessment; Stock Assessment},
   year = {1994}
}
@techreport{doulman1995,
   author = {Doulman, D. J.},
   title = {Structure and process of the 1993?995 United Nations conference on straddling fish stocks and highly migratory fish stocks},
   institution = { FAO Fisheries Circular},
   year = {1995}
}
@techreport{fao1996,
   author = {FAO},
   title = {The precautionary appraoch to fisheries and its implications for fishery research, technology and management: An updated review},
   year = {1996}
}
@techreport{wssd2002,
   author = {WSSD},
   title = {Report of the World Summit on Sustainable Development},
   month = {26 August - 4 September 2002},
   year = {2002}
}
@techreport{stecf2015,
   author = {STECF},
   title = {Evaluation of management plans: Evaluation of the multi-annual plan for the North Sea demersal stocks (STECF-15-04)},
   year = {2015},
   institution = { Publications Office of the European Union}
}
@techreport{deOliveira2010,
   author = {De Oliveira, José and Darby, Chris and Earl, Timothy and O'Brien, Carl},
   title = {Technical Background Evaluation of Annex IV Rules},
   number = {ICES CM 2010/ACOM:58},
   month = {October 2010},
   year = {2010}
}
@article{garcia2017,
   author = {Garcia, Dorleta and Sánchez, Sonia and Prellezo, Raúl and Urtizberea, Agurtzane and Andrés, Marga},
   title = {FLBEIA: A simulation model to conduct Bio-Economic evaluation of fisheries management strategies},
   journal = {SoftwareX},
   volume = {6},
   pages = {141-147},
   year = {2017}
}
@techreport{ices2009,
   author = {ICES},
   title = {Chair's Report of the Workshop on the Form of Advice (WKFORM)},
   number = {ICES CM 2009/ACOM:53},
   month = {1–3 December 2009},
   year = {2009}
}
@book{darby1994,
   author = {Darby, C.D. and Flatman, S. and Research, Great Britain. Directorate of Fisheries},
   title = {Virtual Population Analysis: Version 3.1 (Windows/DOS) User Guide},
   publisher = {Great Britain, Ministry of Agriculture, Fisheries and Food, Directorate of Fisheries Research},
   address = {Lowestoft},
   series = {Info. Tech. Ser.},
   pages = {85},
   year = {1994}
}
@techreport{ices2009,
   author = {ICES},
   title = {Chair's Report of the Workshop on the Form of Advice (WKFORM)},
   number = {ICES CM 2009/ACOM:53},
   month = {1–3 December 2009},
   year = {2009}
}
@techreport{wghansa2018,
   author = {ICES},
   title = {Report of the Working Group on Southern Horse Mackerel, Anchovy and Sardine (WGHANSA)},
   number = {ICES CM 2018/ACOM:17},
   year = {2018}
}
@article{wksarmp2019,
   author = {ICES},
   title = {Workshop on the Iberian sardine management and recovery plan (WKSARMP)},
   journal = {ICES Scientific Reports},
   volume = {1},
   number = {18},
   pages = {125},
   year = {2019}
}
@book{methot2012,
   author = {Methot, Richard D.},
   title = {User Manual for Stock Synthesis Model Version 3.24f},
   pages = {150},
   year = {2012}
}
@article{methot2013,
   author = {Methot, Richard D. and Wetzel, Chantell R.},
   title = {Stock synthesis: A biological and statistical framework for fish stock assessment and fishery management},
   journal = {Fisheries Research},
   volume = {142},
   pages = {86-99},
   year = {2013}
}
@misc{millar2015,
   author = {Millar, Colin and Jardim, Ernesto},
   title = {a4a: A flexible and robust stock assessment framework. R package version 0.700.2},
   year = {2015}
}
@article{pedersen2016,
   author = {Pedersen, Martin W. and Berg, Casper W.},
   title = {A stochastic surplus production model in continuous time},
   journal = {Fish and Fisheries},
   year = {2016}
}
@article{shepherd1997,
   author = {Shepherd, J. G.},
   title = {Prediction of year-class strength by calibration regression analysis of multiple recruit index series},
   journal = {ICES Journal of Marine Science},
   volume = {54},
   number = {5},
   pages = {741-752},
   year = {1997}
}
@article{shepherd1999,
   author = {Shepherd, J.G.},
   title = {Extended survivors analysis: An improved method for the analysis of catch-at-age data and abundance indices},
   journal = {ICES Journal of Marine Science},
   volume = {56},
   pages = {584-591},
   note = {TY  - JOUR},
   year = {1999}
}
@book{pella1969generalized,
	title = {A generalized stock production model},
	publisher = {Inter-American Tropical Tuna Commission},
	author = {Pella, {J.J.} and Tomlinson, {P.K.}},
	year = {1969}
}
@article{ludwig1985age,
  title={Are age-structured models appropriate for catch-effort data?},
  author={Ludwig, Donald and Walters, Carl J},
  journal={Can. J. Fish. Aquat. Sci.},
  volume={42},
  number={6},
  pages={1066--1072},
  year={1985},
  publisher={NRC Research Press}
}
@article{Ulrich2011,
   author = {Ulrich, Clara and Reeves, Stuart A. and Vermard, Youen and Holmes, Steven J. and Vanhee, Willy},
   title = {Reconciling single-species TACs in the North Sea demersal fisheries using the Fcube mixed-fisheries advice framework},
   journal = {ICES Journal of Marine Science},
   volume = {68},
   number = {7},
   pages = {1535-1547},
   year = {2011}
}
@article{butterworth1999experiences,
  title={Experiences in the evaluation and implementation of management procedures},
  author={Butterworth, DS and Punt, AE},
  journal={ICES J. Mar. Sci.},
  volume={56},
  number={6},
  pages={985--998},
  year={1999},
  publisher={Oxford University Press}
}
@techreport{wssd2002,
   author = {WSSD},
   title = {Report of the World Summit on Sustainable Development},
   month = {26 August - 4 September 2002},
   year = {2002}
}
@book{quinn1999,
 author = {Terrance J. Quinn II and Richard B. Deriso},
 title = {Quantitative Fish Dynamics},
 publisher = {Oxford University Press},
 year = {1999},
 address = {New York},
 isbn = {0195076311}
}
